<record><leader>00000cas a22000007a 4500</leader><controlfield tag="001">11484615</controlfield><controlfield tag="008">841212d1922200uaruwr ne      0   a0eng d</controlfield><datafield ind1=" " ind2=" " tag="010"><subfield code="a">sn 84002111 </subfield></datafield><datafield ind1=" " ind2=" " tag="040"><subfield code="a">NSD</subfield><subfield code="b">eng</subfield><subfield code="c">NSD</subfield><subfield code="d">NPT</subfield><subfield code="d">NSD</subfield><subfield code="d">ANU</subfield><subfield code="d">OCLCQ</subfield><subfield code="d">NSD</subfield><subfield code="d">OCLCQ</subfield></datafield><datafield ind1=" " ind2=" " tag="012"><subfield code="j">1</subfield><subfield code="k">1</subfield><subfield code="m">d</subfield></datafield><datafield ind1="1" ind2=" " tag="022"><subfield code="a">8750-5177</subfield><subfield code="l">8750-5177</subfield><subfield code="2">1</subfield></datafield><datafield ind1=" " ind2=" " tag="037"><subfield code="b">White County Record, POB 578, Judsonia, AR 72081</subfield></datafield><datafield ind1=" " ind2=" " tag="042"><subfield code="a">nsdp</subfield></datafield><datafield ind1=" " ind2=" " tag="043"><subfield code="a">n-us-ar</subfield></datafield><datafield ind1="0" ind2=" " tag="130"><subfield code="a">White County record (Judsonia, Ark.)</subfield></datafield><datafield ind1=" " ind2="4" tag="222"><subfield code="a">The White County Record</subfield><subfield code="b">(Judsonia, Ark.)</subfield></datafield><datafield ind1="1" ind2="0" tag="245"><subfield code="a">White County record.</subfield></datafield><datafield ind1=" " ind2=" " tag="260"><subfield code="a">Judsonia, Ark. :</subfield><subfield code="b">Mann Print. Co.</subfield></datafield><datafield ind1=" " ind2=" " tag="300"><subfield code="a">v. :</subfield><subfield code="b">ill. ;</subfield><subfield code="c">55 cm.</subfield></datafield><datafield ind1=" " ind2=" " tag="310"><subfield code="a">Weekly</subfield></datafield><datafield ind1="1" ind2=" " tag="362"><subfield code="a">Began May 11, 1922.</subfield></datafield><datafield ind1=" " ind2=" " tag="588"><subfield code="a">Description based on: Vol. 1, no. 3 (May 25, 1922).</subfield></datafield><datafield ind1=" " ind2=" " tag="588"><subfield code="a">Latest issue consulted: Vol. 110, no. 33 (Wednesday, Aug. 23, 1989).</subfield></datafield><datafield ind1=" " ind2="0" tag="651"><subfield code="a">Judsonia (Ark.)</subfield><subfield code="v">Newspapers.</subfield></datafield><datafield ind1=" " ind2=" " tag="752"><subfield code="a">United States</subfield><subfield code="b">Arkansas</subfield><subfield code="c">White</subfield><subfield code="d">Judsonia.</subfield></datafield><datafield ind1="0" ind2="4" tag="780"><subfield code="t">Judsonia weekly advance</subfield><subfield code="w">(DLC)sn 91050157</subfield></datafield><datafield ind1="0" ind2="4" tag="780"><subfield code="t">Bald Knob eagle</subfield><subfield code="w">(DLC)sn 91050158</subfield></datafield><datafield ind1="0" ind2="0" tag="785"><subfield code="t">White County record/Searcy sun</subfield><subfield code="x">1547-6162</subfield><subfield code="w">(DLC)  2003214336</subfield><subfield code="w">(OCoLC)53478877</subfield></datafield><datafield ind1="1" ind2=" " tag="029"><subfield code="a">AU@</subfield><subfield code="b">000020343910</subfield></datafield></record>